<?xml version="1.0" encoding="UTF-8"?><collection xmlns="http://www.loc.gov/MARC21/slim"><record><leader>00302nam--2200121-i-4500</leader><controlfield tag="001">000038187</controlfield><controlfield tag="002">20161230</controlfield><controlfield tag="005">20161230201041</controlfield><controlfield tag="008">060222s1000------------r-----000-0-eng-d</controlfield><datafield ind1=" " ind2=" " tag="080"><subfield code="a">669.715</subfield></datafield><datafield ind1=" " ind2=" " tag="245"><subfield code="a">Realizfari noi in domeniul aliajelor de aluminiu</subfield></datafield><datafield ind1=" " ind2=" " tag="260"><subfield code="a">Bucuresti, Idt.,1960. 86 P</subfield></datafield><datafield ind1=" " ind2=" " tag="852"><subfield code="a">7195</subfield></datafield></record></collection>